
    <record>
        <leader>01442cam a2200337 c 4500</leader>
        <controlfield tag="001">990116894044702202</controlfield>
        <controlfield tag="005">20170124083849.0</controlfield>
        <controlfield tag="007">ta</controlfield>
        <controlfield tag="008">150529s2001    xx#|||||||||||000|u|nob|d</controlfield>
        <datafield tag="014" ind1="1" ind2=" ">
            <subfield code="a">011689404</subfield>
            <subfield code="b">(NO-TrBIB)</subfield>
        </datafield>
        <datafield tag="035" ind1=" " ind2=" ">
            <subfield code="a">(EXLNZ-47BIBSYS_NETWORK)990116894044702201</subfield>
        </datafield>
        <datafield tag="035" ind1=" " ind2=" ">
            <subfield code="a">(NO-TrBIB)011689404</subfield>
        </datafield>
        <datafield tag="035" ind1=" " ind2=" ">
            <subfield code="a">011689404-47bibsys_network</subfield>
        </datafield>
        <datafield tag="035" ind1=" " ind2=" ">
            <subfield code="a">08tm69005-47bibsys_nb</subfield>
        </datafield>
        <datafield tag="040" ind1=" " ind2=" ">
            <subfield code="a">NO-TrBIB</subfield>
            <subfield code="b">nob</subfield>
            <subfield code="e">katreg</subfield>
        </datafield>
        <datafield tag="100" ind1="1" ind2=" ">
            <subfield code="a">Abrahamsen, Knut Tore</subfield>
            <subfield code="0">(NO-TrBIB)1064040</subfield>
        </datafield>
        <datafield tag="245" ind1="1" ind2="0">
            <subfield code="a">Hva er god fantasylitteratur? :</subfield>
            <subfield code="b">en kvalitativ sammenligning av Tolkiens Ringenes herre og Jordans serie Tidshjulet</subfield>
            <subfield code="c">Knut Tore Abrahamsen og Bjørn Ruud</subfield>
        </datafield>
        <datafield tag="260" ind1=" " ind2=" ">
            <subfield code="a">Oslo</subfield>
            <subfield code="b">Høgskolen i Oslo, Avd. JBI</subfield>
            <subfield code="c">2001</subfield>
        </datafield>
        <datafield tag="300" ind1=" " ind2=" ">
            <subfield code="a">50 s.</subfield>
        </datafield>
        <datafield tag="500" ind1=" " ind2=" ">
            <subfield code="a">Hovedoppgave - Høgskolen i Oslo, Bibliotek- og informasjonsstudiene, 2001</subfield>
        </datafield>
        <datafield tag="600" ind1="1" ind2="7">
            <subfield code="a">Jordan, Robert</subfield>
            <subfield code="d">1948-2007</subfield>
            <subfield code="t">Tidshjulet</subfield>
            <subfield code="0">(NO-TrBIB)90931826</subfield>
            <subfield code="2">bare</subfield>
        </datafield>
        <datafield tag="600" ind1="1" ind2="7">
            <subfield code="a">Tolkien, J.R.R.</subfield>
            <subfield code="d">1892-1973</subfield>
            <subfield code="t">Ringenes herre</subfield>
            <subfield code="0">(NO-TrBIB)90056310</subfield>
            <subfield code="2">bare</subfield>
        </datafield>
        <datafield tag="653" ind1=" " ind2=" ">
            <subfield code="a">fantastisk</subfield>
            <subfield code="a">litteratur</subfield>
            <subfield code="a">fantastiske</subfield>
            <subfield code="a">romaner</subfield>
            <subfield code="a">fantasylitteratur</subfield>
        </datafield>
        <datafield tag="700" ind1="1" ind2=" ">
            <subfield code="a">Ruud, Bjørn</subfield>
            <subfield code="4">aut</subfield>
            <subfield code="0">(NO-TrBIB)90130662</subfield>
        </datafield>
        <datafield tag="710" ind1="2" ind2=" ">
            <subfield code="a">Høgskolen i Oslo</subfield>
            <subfield code="b">Bibliotek- og informasjonsstudiene</subfield>
            <subfield code="4">dgg</subfield>
            <subfield code="0">(NO-TrBIB)90804536</subfield>
        </datafield>
        <datafield tag="852" ind1="8" ind2=" ">
            <subfield code="b">0030100</subfield>
            <subfield code="c">g00052</subfield>
            <subfield code="h">809.915 Abr</subfield>
            <subfield code="t">1</subfield>
        </datafield>
        <datafield tag="859" ind1=" " ind2=" ">
            <subfield code="a">0030100</subfield>
            <subfield code="b">g00052</subfield>
            <subfield code="c">809.915 Abr</subfield>
            <subfield code="f">1</subfield>
            <subfield code="h">0</subfield>
            <subfield code="x">2015-10-31</subfield>
        </datafield>
        <datafield tag="876" ind1=" " ind2=" ">
            <subfield code="a">08tm69005</subfield>
            <subfield code="j">kat</subfield>
            <subfield code="p">08tm69005</subfield>
            <subfield code="r">08tm69005</subfield>
            <subfield code="w">BOOK</subfield>
        </datafield>
        <datafield tag="901" ind1=" " ind2=" ">
            <subfield code="a">80</subfield>
        </datafield>
        <datafield tag="913" ind1=" " ind2=" ">
            <subfield code="a">Barnebokinstituttet</subfield>
            <subfield code="b">NB</subfield>
        </datafield>
        <datafield tag="917" ind1=" " ind2=" ">
            <subfield code="a">s</subfield>
        </datafield>
    </record>