
    <record>
        <leader>01260cam a2200349 c 4500</leader>
        <controlfield tag="001">990406991534702202</controlfield>
        <controlfield tag="005">20190107140407.0</controlfield>
        <controlfield tag="007">ta</controlfield>
        <controlfield tag="008">140911s2004    xx#|||||||||||000|u|dan|d</controlfield>
        <datafield tag="014" ind1="1" ind2=" ">
            <subfield code="a">040699153</subfield>
            <subfield code="b">(NO-TrBIB)</subfield>
        </datafield>
        <datafield tag="020" ind1=" " ind2=" ">
            <subfield code="a">8711170840</subfield>
            <subfield code="q">h.</subfield>
        </datafield>
        <datafield tag="035" ind1=" " ind2=" ">
            <subfield code="a">(EXLNZ-47BIBSYS_NETWORK)990406991534702201</subfield>
        </datafield>
        <datafield tag="035" ind1=" " ind2=" ">
            <subfield code="a">(NO-TrBIB)040699153</subfield>
        </datafield>
        <datafield tag="035" ind1=" " ind2=" ">
            <subfield code="a">040699153-47bibsys_network</subfield>
        </datafield>
        <datafield tag="035" ind1=" " ind2=" ">
            <subfield code="a">08tm69177-47bibsys_nb</subfield>
        </datafield>
        <datafield tag="040" ind1=" " ind2=" ">
            <subfield code="a">NO-TrBIB</subfield>
            <subfield code="b">nob</subfield>
            <subfield code="e">katreg</subfield>
        </datafield>
        <datafield tag="060" ind1=" " ind2="4">
            <subfield code="a">[BF 697]</subfield>
        </datafield>
        <datafield tag="060" ind1=" " ind2="4">
            <subfield code="a">JJ6815</subfield>
        </datafield>
        <datafield tag="100" ind1="1" ind2=" ">
            <subfield code="a">Skogemann, Pia</subfield>
            <subfield code="0">(NO-TrBIB)90319974</subfield>
        </datafield>
        <datafield tag="245" ind1="1" ind2="3">
            <subfield code="a">En jungiansk fortolkning af Tolkiens Ringenes herre</subfield>
            <subfield code="c">Pia Skogemann</subfield>
        </datafield>
        <datafield tag="260" ind1=" " ind2=" ">
            <subfield code="a">København</subfield>
            <subfield code="b">Athene</subfield>
            <subfield code="c">2004</subfield>
        </datafield>
        <datafield tag="300" ind1=" " ind2=" ">
            <subfield code="a">250 s.</subfield>
        </datafield>
        <datafield tag="600" ind1="1" ind2="7">
            <subfield code="a">Tolkien, J.R.R.</subfield>
            <subfield code="d">1892-1973</subfield>
            <subfield code="0">(NO-TrBIB)90056310</subfield>
            <subfield code="2">bare</subfield>
        </datafield>
        <datafield tag="600" ind1="1" ind2="7">
            <subfield code="a">Tolkien, J.R.R.</subfield>
            <subfield code="d">1892-1973</subfield>
            <subfield code="t">The lord of the rings</subfield>
            <subfield code="0">(NO-TrBIB)90056310</subfield>
            <subfield code="2">bare</subfield>
        </datafield>
        <datafield tag="650" ind1=" " ind2="2">
            <subfield code="a">Self Concept</subfield>
        </datafield>
        <datafield tag="650" ind1=" " ind2="2">
            <subfield code="a">Women</subfield>
        </datafield>
        <datafield tag="653" ind1=" " ind2=" ">
            <subfield code="a">engelsk</subfield>
            <subfield code="a">litteratur</subfield>
            <subfield code="a">1950-tallet</subfield>
            <subfield code="a">psykologi</subfield>
            <subfield code="a">litterær</subfield>
            <subfield code="a">metode</subfield>
            <subfield code="a">litteraturanalyser</subfield>
            <subfield code="a">fantastisk</subfield>
            <subfield code="a">fantasy</subfield>
        </datafield>
        <datafield tag="852" ind1="8" ind2=" ">
            <subfield code="b">0030100</subfield>
            <subfield code="c">g00049</subfield>
            <subfield code="h">820 Tolkien, J.R.R.</subfield>
            <subfield code="t">1</subfield>
        </datafield>
        <datafield tag="859" ind1=" " ind2=" ">
            <subfield code="a">0030100</subfield>
            <subfield code="b">g00049</subfield>
            <subfield code="c">820 Tolkien, J.R.R.</subfield>
            <subfield code="f">0</subfield>
            <subfield code="h">0</subfield>
            <subfield code="x">2015-10-31</subfield>
        </datafield>
        <datafield tag="876" ind1=" " ind2=" ">
            <subfield code="a">08tm69177</subfield>
            <subfield code="j">kat</subfield>
            <subfield code="p">08tm69177</subfield>
            <subfield code="r">08tm69177</subfield>
            <subfield code="w">BOOK</subfield>
        </datafield>
        <datafield tag="901" ind1=" " ind2=" ">
            <subfield code="a">80</subfield>
        </datafield>
        <datafield tag="913" ind1=" " ind2=" ">
            <subfield code="a">Barnebokinstituttet</subfield>
            <subfield code="b">NB</subfield>
        </datafield>
    </record>