
    <record>
        <leader>02686cam a2200685 c 4500</leader>
        <controlfield tag="001">990603331204702202</controlfield>
        <controlfield tag="005">20230612111128.0</controlfield>
        <controlfield tag="007">cr||||||||||||</controlfield>
        <controlfield tag="007">ta</controlfield>
        <controlfield tag="008">150625s2006    no#||||| |||||100|0|mul| </controlfield>
        <datafield tag="014" ind1="1" ind2=" ">
            <subfield code="a">06033312x</subfield>
            <subfield code="b">(NO-TrBIB)</subfield>
        </datafield>
        <datafield tag="014" ind1="1" ind2=" ">
            <subfield code="a">06033312x</subfield>
            <subfield code="b">(NO-TrBIB)</subfield>
        </datafield>
        <datafield tag="015" ind1=" " ind2=" ">
            <subfield code="a">0608351</subfield>
            <subfield code="2">nbf</subfield>
        </datafield>
        <datafield tag="020" ind1=" " ind2=" ">
            <subfield code="a">8278590109</subfield>
            <subfield code="q">h.</subfield>
        </datafield>
        <datafield tag="035" ind1=" " ind2=" ">
            <subfield code="a">(EXLNZ-47BIBSYS_NETWORK)990603331204702201</subfield>
        </datafield>
        <datafield tag="035" ind1=" " ind2=" ">
            <subfield code="a">(NO-TrBIB)06033312x</subfield>
        </datafield>
        <datafield tag="035" ind1=" " ind2=" ">
            <subfield code="a">(NO-TrBIB)151278148</subfield>
        </datafield>
        <datafield tag="035" ind1=" " ind2=" ">
            <subfield code="a">06033312x-47bibsys_network</subfield>
        </datafield>
        <datafield tag="035" ind1=" " ind2=" ">
            <subfield code="a">06ga05939-47bibsys_nb</subfield>
        </datafield>
        <datafield tag="035" ind1=" " ind2=" ">
            <subfield code="a">06sa02999-47bibsys_nb</subfield>
        </datafield>
        <datafield tag="040" ind1=" " ind2=" ">
            <subfield code="a">NO-OsNB</subfield>
            <subfield code="b">nob</subfield>
            <subfield code="e">katreg</subfield>
        </datafield>
        <datafield tag="041" ind1=" " ind2=" ">
            <subfield code="a">nob</subfield>
            <subfield code="a">nno</subfield>
            <subfield code="a">dan</subfield>
            <subfield code="a">swe</subfield>
        </datafield>
        <datafield tag="042" ind1=" " ind2=" ">
            <subfield code="a">norbibl</subfield>
        </datafield>
        <datafield tag="044" ind1=" " ind2=" ">
            <subfield code="c">no</subfield>
        </datafield>
        <datafield tag="080" ind1=" " ind2=" ">
            <subfield code="a">948.02</subfield>
        </datafield>
        <datafield tag="080" ind1=" " ind2=" ">
            <subfield code="a">948.1.021</subfield>
        </datafield>
        <datafield tag="082" ind1="7" ind2="4">
            <subfield code="a">970.01</subfield>
            <subfield code="q">NO-OsNB</subfield>
            <subfield code="2">5/nor</subfield>
        </datafield>
        <datafield tag="083" ind1="7" ind2=" ">
            <subfield code="a">970.01</subfield>
            <subfield code="q">NO-OsNB</subfield>
            <subfield code="2">5/nor</subfield>
        </datafield>
        <datafield tag="111" ind1="2" ind2=" ">
            <subfield code="a">Karmøyseminaret</subfield>
            <subfield code="0">(NO-TrBIB)90923225</subfield>
        </datafield>
        <datafield tag="245" ind1="1" ind2="0">
            <subfield code="a">Tormod Torfæus :</subfield>
            <subfield code="b">mellom Vinland og &quot;Ringenes herre&quot;</subfield>
            <subfield code="c">redaktør: Anine Kongshavn</subfield>
        </datafield>
        <datafield tag="260" ind1=" " ind2=" ">
            <subfield code="a">[Kopervik]</subfield>
            <subfield code="b">Karmøyseminaret 2004</subfield>
            <subfield code="b">Karmøy kommune</subfield>
            <subfield code="c">[2006?]</subfield>
        </datafield>
        <datafield tag="300" ind1=" " ind2=" ">
            <subfield code="a">140 s.</subfield>
            <subfield code="b">ill.</subfield>
        </datafield>
        <datafield tag="533" ind1=" " ind2=" ">
            <subfield code="a">Elektronisk reproduksjon</subfield>
            <subfield code="b">[Norge]</subfield>
            <subfield code="c">Nasjonalbiblioteket Digital</subfield>
            <subfield code="d">2015-06-17</subfield>
        </datafield>
        <datafield tag="600" ind1="0" ind2="7">
            <subfield code="a">Tormod Torfæus</subfield>
            <subfield code="d">1636-1719</subfield>
            <subfield code="0">(NO-TrBIB)90058109</subfield>
            <subfield code="2">bare</subfield>
        </datafield>
        <datafield tag="650" ind1=" " ind2="7">
            <subfield code="a">Fornaldersagaer</subfield>
            <subfield code="2">humord</subfield>
            <subfield code="0">(NO-TrBIB)HUME06770</subfield>
        </datafield>
        <datafield tag="650" ind1=" " ind2="7">
            <subfield code="a">Historie</subfield>
            <subfield code="2">humord</subfield>
            <subfield code="0">(NO-TrBIB)HUME12563</subfield>
        </datafield>
        <datafield tag="650" ind1=" " ind2="7">
            <subfield code="a">Sagaer (Litteratur)</subfield>
            <subfield code="2">humord</subfield>
            <subfield code="0">(NO-TrBIB)HUME06768</subfield>
        </datafield>
        <datafield tag="651" ind1=" " ind2="7">
            <subfield code="a">Labrador (Canada)</subfield>
            <subfield code="2">norbok</subfield>
        </datafield>
        <datafield tag="651" ind1=" " ind2="7">
            <subfield code="a">Newfoundland (Canada)</subfield>
            <subfield code="2">norbok</subfield>
        </datafield>
        <datafield tag="651" ind1=" " ind2="7">
            <subfield code="a">Newfoundland and Labrador (Canada)</subfield>
            <subfield code="2">norbok</subfield>
        </datafield>
        <datafield tag="651" ind1=" " ind2="7">
            <subfield code="a">Nord-Amerika</subfield>
            <subfield code="2">norbok</subfield>
        </datafield>
        <datafield tag="651" ind1=" " ind2="7">
            <subfield code="a">Norden</subfield>
            <subfield code="2">humord</subfield>
            <subfield code="0">(NO-TrBIB)HUME03680</subfield>
        </datafield>
        <datafield tag="651" ind1=" " ind2="7">
            <subfield code="a">Vinland</subfield>
            <subfield code="2">humord</subfield>
            <subfield code="0">(NO-TrBIB)HUME01798</subfield>
        </datafield>
        <datafield tag="655" ind1=" " ind2="7">
            <subfield code="a">Konferansepublikasjoner</subfield>
            <subfield code="2">ntsf</subfield>
            <subfield code="0">https://id.nb.no/vocabulary/ntsf/378</subfield>
        </datafield>
        <datafield tag="662" ind1=" " ind2=" ">
            <subfield code="d">Canada</subfield>
            <subfield code="f">Labrador</subfield>
            <subfield code="2">norbok</subfield>
        </datafield>
        <datafield tag="662" ind1=" " ind2=" ">
            <subfield code="d">Canada</subfield>
            <subfield code="f">Newfoundland and Labrador</subfield>
            <subfield code="2">norbok</subfield>
        </datafield>
        <datafield tag="662" ind1=" " ind2=" ">
            <subfield code="d">Canada</subfield>
            <subfield code="f">Newfoundland</subfield>
            <subfield code="2">norbok</subfield>
        </datafield>
        <datafield tag="700" ind1="1" ind2=" ">
            <subfield code="a">Kongshavn, Anine,</subfield>
            <subfield code="d">1959-</subfield>
            <subfield code="e">red.</subfield>
            <subfield code="0">(NO-TrBIB)6025237</subfield>
        </datafield>
        <datafield tag="710" ind1="2" ind2=" ">
            <subfield code="a">Karmøy</subfield>
            <subfield code="0">(NO-TrBIB)90088877</subfield>
        </datafield>
        <datafield tag="852" ind1="8" ind2=" ">
            <subfield code="b">0030100</subfield>
            <subfield code="c">g00005</subfield>
            <subfield code="h">NA/A 2006:2197</subfield>
        </datafield>
        <datafield tag="852" ind1="8" ind2=" ">
            <subfield code="b">0183334</subfield>
            <subfield code="c">g00001</subfield>
            <subfield code="h">b</subfield>
        </datafield>
        <datafield tag="856" ind1="4" ind2="0">
            <subfield code="3"/>
            <subfield code="y">NB Digital</subfield>
            <subfield code="u">http://urn.nb.no/URN:NBN:no-nb_digibok_2015061708166</subfield>
            <subfield code="z"/>
        </datafield>
        <datafield tag="856" ind1="4" ind2="1">
            <subfield code="3">Fulltekst</subfield>
            <subfield code="u">https://urn.nb.no/URN:NBN:no-nb_digibok_2015061708166</subfield>
            <subfield code="y">Nettbiblioteket</subfield>
            <subfield code="z">Digital representasjon</subfield>
        </datafield>
        <datafield tag="859" ind1=" " ind2=" ">
            <subfield code="a">0030100</subfield>
            <subfield code="b">g00005</subfield>
            <subfield code="c">NA/A 2006:2197</subfield>
            <subfield code="f">0</subfield>
            <subfield code="h">0</subfield>
            <subfield code="x">2015-10-31</subfield>
        </datafield>
        <datafield tag="859" ind1=" " ind2=" ">
            <subfield code="a">0183334</subfield>
            <subfield code="b">g00001</subfield>
            <subfield code="c">b</subfield>
            <subfield code="f">0</subfield>
            <subfield code="h">0</subfield>
            <subfield code="x">2015-10-31</subfield>
        </datafield>
        <datafield tag="876" ind1=" " ind2=" ">
            <subfield code="a">06ga05939</subfield>
            <subfield code="d">20060324</subfield>
            <subfield code="j">kat</subfield>
            <subfield code="p">06ga05939</subfield>
            <subfield code="r">06ga05939</subfield>
            <subfield code="w">BOOK</subfield>
            <subfield code="z">(h.)(Til bruk på NB Oslos lesesal)</subfield>
        </datafield>
        <datafield tag="876" ind1=" " ind2=" ">
            <subfield code="a">06sa02999</subfield>
            <subfield code="d">20060224</subfield>
            <subfield code="j">kat</subfield>
            <subfield code="p">06sa02999</subfield>
            <subfield code="r">06sa02999</subfield>
            <subfield code="w">BOOK</subfield>
        </datafield>
        <datafield tag="901" ind1=" " ind2=" ">
            <subfield code="a">90</subfield>
        </datafield>
        <datafield tag="913" ind1=" " ind2=" ">
            <subfield code="a">Norbok</subfield>
            <subfield code="b">NB</subfield>
        </datafield>
        <datafield tag="991" ind1=" " ind2=" ">
            <subfield code="a">volumes</subfield>
        </datafield>
    </record>