
    <record>
        <leader>00793caa a22002657c 4500</leader>
        <controlfield tag="001">991143751194702202</controlfield>
        <controlfield tag="005">20180808133745.0</controlfield>
        <controlfield tag="007">ta</controlfield>
        <controlfield tag="008">110920s2003    xx |||||||||||000|u|nob|d</controlfield>
        <datafield tag="035" ind1=" " ind2=" ">
            <subfield code="a">(EXLNZ-47BIBSYS_NETWORK)991143751194702201</subfield>
        </datafield>
        <datafield tag="035" ind1=" " ind2=" ">
            <subfield code="a">(NO-TrBIB)114375119</subfield>
        </datafield>
        <datafield tag="035" ind1=" " ind2=" ">
            <subfield code="a">114375119-47bibsys_network</subfield>
        </datafield>
        <datafield tag="040" ind1=" " ind2=" ">
            <subfield code="a">NO-TrBIB</subfield>
            <subfield code="b">nob</subfield>
            <subfield code="e">katreg</subfield>
        </datafield>
        <datafield tag="100" ind1="1" ind2=" ">
            <subfield code="a">Danbolt, Gunnar</subfield>
        </datafield>
        <datafield tag="245" ind1="1" ind2="0">
            <subfield code="a">Fra Kong Arthur til Ringenes Herre :</subfield>
            <subfield code="b">om tilblivelsen av J.R.R. Tolkiens fantasiverden</subfield>
        </datafield>
        <datafield tag="260" ind1=" " ind2=" ">
            <subfield code="c">2003</subfield>
        </datafield>
        <datafield tag="300" ind1=" " ind2=" ">
            <subfield code="a">s. 89-101</subfield>
        </datafield>
        <datafield tag="600" ind1="1" ind2="4">
            <subfield code="a">Tolkien, John Ronald Reuel</subfield>
        </datafield>
        <datafield tag="773" ind1="0" ind2=" ">
            <subfield code="t">P2-akademiet</subfield>
            <subfield code="d">[Oslo] : Transit</subfield>
            <subfield code="g">Bd. XXVII</subfield>
            <subfield code="x">0808-6621</subfield>
            <subfield code="w">999702836954702201</subfield>
        </datafield>
        <datafield tag="901" ind1=" " ind2=" ">
            <subfield code="a">60</subfield>
        </datafield>
        <datafield tag="999" ind1=" " ind2=" ">
            <subfield code="a">CP</subfield>
            <subfield code="9">LOCAL</subfield>
        </datafield>
        <datafield tag="999" ind1=" " ind2=" ">
            <subfield code="a">CP</subfield>
            <subfield code="9">LOCAL</subfield>
        </datafield>
        <datafield tag="999" ind1=" " ind2=" ">
            <subfield code="a">CP</subfield>
            <subfield code="9">LOCAL</subfield>
        </datafield>
        <datafield tag="999" ind1=" " ind2=" ">
            <subfield code="a">CP</subfield>
            <subfield code="9">LOCAL</subfield>
        </datafield>
        <datafield tag="999" ind1=" " ind2=" ">
            <subfield code="a">CP</subfield>
            <subfield code="9">LOCAL</subfield>
        </datafield>
    </record>