
    <record>
        <leader>02839cam a2200709 c 4500</leader>
        <controlfield tag="001">991508284464702202</controlfield>
        <controlfield tag="005">20230815083223.0</controlfield>
        <controlfield tag="007">ta</controlfield>
        <controlfield tag="008">150819s2015    no ||||||c   |000|0|nob| </controlfield>
        <datafield tag="014" ind1="1" ind2=" ">
            <subfield code="a">150828446</subfield>
            <subfield code="b">(NO-TrBIB)</subfield>
        </datafield>
        <datafield tag="014" ind1="1" ind2=" ">
            <subfield code="a">150828446</subfield>
            <subfield code="b">(NO-TrBIB)</subfield>
        </datafield>
        <datafield tag="015" ind1=" " ind2=" ">
            <subfield code="a">1518696</subfield>
            <subfield code="2">nbf</subfield>
        </datafield>
        <datafield tag="020" ind1=" " ind2=" ">
            <subfield code="a">9788281541030</subfield>
            <subfield code="q">h.</subfield>
        </datafield>
        <datafield tag="035" ind1=" " ind2=" ">
            <subfield code="a">(EXLNZ-47BIBSYS_NETWORK)991508284464702201</subfield>
        </datafield>
        <datafield tag="035" ind1=" " ind2=" ">
            <subfield code="a">(NMUS)139718</subfield>
        </datafield>
        <datafield tag="035" ind1=" " ind2=" ">
            <subfield code="a">(NO-TrBIB)150828446</subfield>
        </datafield>
        <datafield tag="035" ind1=" " ind2=" ">
            <subfield code="a">(OCoLC)1369746609</subfield>
        </datafield>
        <datafield tag="035" ind1=" " ind2=" ">
            <subfield code="a">150828446-47bibsys_network</subfield>
        </datafield>
        <datafield tag="035" ind1=" " ind2=" ">
            <subfield code="a">15g076808-47bibsys_nb</subfield>
        </datafield>
        <datafield tag="035" ind1=" " ind2=" ">
            <subfield code="a">15g076809-47bibsys_nb</subfield>
        </datafield>
        <datafield tag="040" ind1=" " ind2=" ">
            <subfield code="a">NO-OsNB</subfield>
            <subfield code="b">nob</subfield>
            <subfield code="e">katreg</subfield>
        </datafield>
        <datafield tag="042" ind1=" " ind2=" ">
            <subfield code="a">norbibl</subfield>
        </datafield>
        <datafield tag="044" ind1=" " ind2=" ">
            <subfield code="c">no</subfield>
        </datafield>
        <datafield tag="082" ind1="0" ind2="4">
            <subfield code="a">704.947</subfield>
            <subfield code="q">NoBeU</subfield>
            <subfield code="2">23</subfield>
        </datafield>
        <datafield tag="082" ind1="0" ind2="4">
            <subfield code="a">809.915</subfield>
            <subfield code="q">NoOU</subfield>
            <subfield code="2">23</subfield>
        </datafield>
        <datafield tag="082" ind1="7" ind2="4">
            <subfield code="a">704.947</subfield>
            <subfield code="q">NO-OsNB</subfield>
            <subfield code="2">5/nor</subfield>
        </datafield>
        <datafield tag="083" ind1="0" ind2=" ">
            <subfield code="a">704.947</subfield>
            <subfield code="q">NoOU</subfield>
            <subfield code="2">23</subfield>
        </datafield>
        <datafield tag="245" ind1="0" ind2="0">
            <subfield code="a">Makt &amp; magi :</subfield>
            <subfield code="b">Snorre og Ringenes herre</subfield>
            <subfield code="c">[redaktør: Nina Denney Ness ; katalogredaktør: Øystein Sjåstad]</subfield>
        </datafield>
        <datafield tag="260" ind1=" " ind2=" ">
            <subfield code="a">Oslo</subfield>
            <subfield code="b">Nasjonalmuseet</subfield>
            <subfield code="c">cop. 2015</subfield>
        </datafield>
        <datafield tag="300" ind1=" " ind2=" ">
            <subfield code="a">89 s.</subfield>
            <subfield code="b">ill.</subfield>
        </datafield>
        <datafield tag="500" ind1=" " ind2=" ">
            <subfield code="a">Utgitt i forbindelse med vandreutstilling 26. april 2015-6. november 2016</subfield>
        </datafield>
        <datafield tag="500" ind1=" " ind2=" ">
            <subfield code="a">Utstillingskatalog</subfield>
        </datafield>
        <datafield tag="533" ind1=" " ind2=" ">
            <subfield code="a">Elektronisk reproduksjon</subfield>
            <subfield code="b">[Norge]</subfield>
            <subfield code="c">Nasjonalbiblioteket Digital</subfield>
            <subfield code="d">2019-09-18</subfield>
        </datafield>
        <datafield tag="600" ind1="1" ind2="7">
            <subfield code="a">Tolkien, John Ronald Reuel</subfield>
            <subfield code="d">1892-1973</subfield>
            <subfield code="2">aatnor</subfield>
        </datafield>
        <datafield tag="650" ind1=" " ind2="7">
            <subfield code="a">Bildekunst</subfield>
            <subfield code="2">humord</subfield>
            <subfield code="0">(NO-TrBIB)HUME05316</subfield>
        </datafield>
        <datafield tag="650" ind1=" " ind2="7">
            <subfield code="a">Bokillustrasjoner</subfield>
            <subfield code="z">Norge</subfield>
            <subfield code="2">aatnor</subfield>
        </datafield>
        <datafield tag="650" ind1=" " ind2="7">
            <subfield code="a">Drawing</subfield>
            <subfield code="z">Norway</subfield>
            <subfield code="2">aatnor</subfield>
        </datafield>
        <datafield tag="650" ind1=" " ind2="7">
            <subfield code="a">Film</subfield>
            <subfield code="z">USA</subfield>
            <subfield code="2">aatnor</subfield>
        </datafield>
        <datafield tag="650" ind1=" " ind2="7">
            <subfield code="a">Illustration</subfield>
            <subfield code="z">Norway</subfield>
            <subfield code="2">aatnor</subfield>
        </datafield>
        <datafield tag="650" ind1=" " ind2="7">
            <subfield code="a">Kongesagaer</subfield>
            <subfield code="z">Norge</subfield>
            <subfield code="2">aatnor</subfield>
        </datafield>
        <datafield tag="650" ind1=" " ind2="7">
            <subfield code="a">Kunst</subfield>
            <subfield code="2">humord</subfield>
            <subfield code="0">(NO-TrBIB)HUME05183</subfield>
        </datafield>
        <datafield tag="650" ind1=" " ind2="7">
            <subfield code="a">Litteratur</subfield>
            <subfield code="2">humord</subfield>
            <subfield code="0">(NO-TrBIB)HUME06452</subfield>
        </datafield>
        <datafield tag="650" ind1=" " ind2="7">
            <subfield code="a">Magi</subfield>
            <subfield code="2">humord</subfield>
            <subfield code="0">(NO-TrBIB)HUME05097</subfield>
        </datafield>
        <datafield tag="650" ind1=" " ind2="7">
            <subfield code="a">Motiver</subfield>
            <subfield code="2">humord</subfield>
            <subfield code="0">(NO-TrBIB)HUME29169</subfield>
        </datafield>
        <datafield tag="650" ind1=" " ind2="7">
            <subfield code="a">Myter</subfield>
            <subfield code="2">humord</subfield>
            <subfield code="0">(NO-TrBIB)HUME08466</subfield>
        </datafield>
        <datafield tag="650" ind1=" " ind2="7">
            <subfield code="a">Tegning</subfield>
            <subfield code="z">Norge</subfield>
            <subfield code="2">aatnor</subfield>
        </datafield>
        <datafield tag="650" ind1=" " ind2="7">
            <subfield code="a">Utstillinger</subfield>
            <subfield code="2">humord</subfield>
            <subfield code="0">(NO-TrBIB)HUME04543</subfield>
        </datafield>
        <datafield tag="700" ind1="1" ind2=" ">
            <subfield code="a">Ness, Nina Denney,</subfield>
            <subfield code="d">1961-</subfield>
            <subfield code="4">edt</subfield>
            <subfield code="0">(NO-TrBIB)14007198</subfield>
        </datafield>
        <datafield tag="700" ind1="1" ind2=" ">
            <subfield code="a">Sjåstad, Øystein</subfield>
            <subfield code="d">1980-</subfield>
            <subfield code="4">edt</subfield>
            <subfield code="0">(NO-TrBIB)6030182</subfield>
        </datafield>
        <datafield tag="710" ind1="2" ind2=" ">
            <subfield code="a">Nasjonalmuseet (Oslo)</subfield>
            <subfield code="4">pbl</subfield>
            <subfield code="0">(NO-TrBIB)4041084</subfield>
        </datafield>
        <datafield tag="711" ind1="2" ind2=" ">
            <subfield code="a">Makt &amp; magi : Snorre og Ringenes herre (utstilling)</subfield>
            <subfield code="0">(NO-TrBIB)15023476</subfield>
        </datafield>
        <datafield tag="740" ind1="0" ind2=" ">
            <subfield code="a">Makt og magi</subfield>
        </datafield>
        <datafield tag="852" ind1="8" ind2=" ">
            <subfield code="b">0030100</subfield>
            <subfield code="c">g00005</subfield>
            <subfield code="h">NA/A 2015:5853</subfield>
        </datafield>
        <datafield tag="852" ind1="8" ind2=" ">
            <subfield code="b">0183334</subfield>
            <subfield code="c">g00001</subfield>
            <subfield code="h">b</subfield>
        </datafield>
        <datafield tag="856" ind1="4" ind2="0">
            <subfield code="3"/>
            <subfield code="y">NB Digital</subfield>
            <subfield code="u">http://urn.nb.no/URN:NBN:no-nb_digibok_2019091807186</subfield>
            <subfield code="z"/>
        </datafield>
        <datafield tag="856" ind1="4" ind2="1">
            <subfield code="3">Fulltekst</subfield>
            <subfield code="u">https://urn.nb.no/URN:NBN:no-nb_digibok_2019091807186</subfield>
            <subfield code="y">Nettbiblioteket</subfield>
            <subfield code="z">Digital representasjon</subfield>
        </datafield>
        <datafield tag="859" ind1=" " ind2=" ">
            <subfield code="a">0030100</subfield>
            <subfield code="b">g00005</subfield>
            <subfield code="c">NA/A 2015:5853</subfield>
            <subfield code="f">0</subfield>
            <subfield code="h">0</subfield>
            <subfield code="x">2015-10-31</subfield>
        </datafield>
        <datafield tag="859" ind1=" " ind2=" ">
            <subfield code="a">0183334</subfield>
            <subfield code="b">g00001</subfield>
            <subfield code="c">b</subfield>
            <subfield code="f">0</subfield>
            <subfield code="h">0</subfield>
            <subfield code="x">2015-10-31</subfield>
        </datafield>
        <datafield tag="876" ind1=" " ind2=" ">
            <subfield code="a">15g076808</subfield>
            <subfield code="d">20150430</subfield>
            <subfield code="j">kat</subfield>
            <subfield code="p">15g076808</subfield>
            <subfield code="r">15g076808</subfield>
            <subfield code="w">BOOK</subfield>
        </datafield>
        <datafield tag="876" ind1=" " ind2=" ">
            <subfield code="a">15g076809</subfield>
            <subfield code="d">20150430</subfield>
            <subfield code="j">kat</subfield>
            <subfield code="p">15g076809</subfield>
            <subfield code="r">15g076809</subfield>
            <subfield code="w">BOOK</subfield>
            <subfield code="z">(h.)(Til bruk på NB Oslos lesesal)</subfield>
        </datafield>
        <datafield tag="901" ind1=" " ind2=" ">
            <subfield code="a">90</subfield>
        </datafield>
        <datafield tag="913" ind1=" " ind2=" ">
            <subfield code="a">Norbok</subfield>
            <subfield code="b">NB</subfield>
        </datafield>
    </record>