
    <record>
        <leader>02236cgm a2200493 c 4500</leader>
        <controlfield tag="001">999920161403902202</controlfield>
        <controlfield tag="005">20230105133650.0</controlfield>
        <controlfield tag="007">vd#|v||||</controlfield>
        <controlfield tag="008">150611p20032002xx |||||||||||    v|eng|d</controlfield>
        <datafield tag="035" ind1=" " ind2=" ">
            <subfield code="a">(EXLNZ-47BIBSYS_NETWORK)990410739754702201</subfield>
        </datafield>
        <datafield tag="035" ind1=" " ind2=" ">
            <subfield code="a">(NO-TrBIB)041073975</subfield>
        </datafield>
        <datafield tag="035" ind1=" " ind2=" ">
            <subfield code="a">041073975-47bibsys_network</subfield>
        </datafield>
        <datafield tag="040" ind1=" " ind2=" ">
            <subfield code="a">NO-TrBIB</subfield>
            <subfield code="b">nob</subfield>
            <subfield code="e">katreg</subfield>
        </datafield>
        <datafield tag="245" ind1="0" ind2="4">
            <subfield code="a">The Lord of the rings :</subfield>
            <subfield code="b">The two towers : extended editon</subfield>
            <subfield code="c">directed by Peter Jackson</subfield>
            <subfield code="h">[videoopptak]</subfield>
        </datafield>
        <datafield tag="246" ind1="1" ind2=" ">
            <subfield code="a">The Lord of the rings</subfield>
            <subfield code="b">the two towers</subfield>
            <subfield code="i">Originaltittel</subfield>
        </datafield>
        <datafield tag="246" ind1="3" ind2=" ">
            <subfield code="a">Ringenes herre</subfield>
            <subfield code="b">To tårn</subfield>
        </datafield>
        <datafield tag="260" ind1=" " ind2=" ">
            <subfield code="a">Oslo</subfield>
            <subfield code="b">SF Norge</subfield>
            <subfield code="c">2003</subfield>
        </datafield>
        <datafield tag="300" ind1=" " ind2=" ">
            <subfield code="a">4 videoplater (DVD-video) i 1 omslag (214 min)</subfield>
            <subfield code="b">lyd, kol.</subfield>
            <subfield code="e">1 hefte</subfield>
        </datafield>
        <datafield tag="500" ind1=" " ind2=" ">
            <subfield code="a">Bygger på Tolkiens bok. Eventyr. Aldersgrense: 11 år</subfield>
        </datafield>
        <datafield tag="500" ind1=" " ind2=" ">
            <subfield code="a">Ekstramateriell: 2 dvd med filmdokumentasjon, musikkvideo m.m.</subfield>
        </datafield>
        <datafield tag="500" ind1=" " ind2=" ">
            <subfield code="a">Engelsk tale, norske undertekster valgbare.</subfield>
        </datafield>
        <datafield tag="500" ind1=" " ind2=" ">
            <subfield code="a">Kodet for region 2. Widescreen.</subfield>
        </datafield>
        <datafield tag="500" ind1=" " ind2=" ">
            <subfield code="a">Produksjon: USA : New Line Cinema, 2002. Musikk: Howard Shore</subfield>
        </datafield>
        <datafield tag="500" ind1=" " ind2=" ">
            <subfield code="a">Rolleliste: Elijah Wood, Ian McKellen, Liv Tyler, Viggo Mortensen, Sean Astin, Cate Blanchett, John Rhys-Davies, Christopher Lee et al.</subfield>
        </datafield>
        <datafield tag="500" ind1=" " ind2=" ">
            <subfield code="a">Statens filmtilsyn : 32135</subfield>
        </datafield>
        <datafield tag="653" ind1=" " ind2=" ">
            <subfield code="a">fantasi</subfield>
            <subfield code="a">fantasy</subfield>
            <subfield code="a">action</subfield>
            <subfield code="a">eventyr</subfield>
            <subfield code="a">adventure</subfield>
            <subfield code="a">usa</subfield>
            <subfield code="a">new</subfield>
            <subfield code="a">zealand</subfield>
        </datafield>
        <datafield tag="700" ind1="1" ind2=" ">
            <subfield code="a">Astin, Sean.</subfield>
            <subfield code="4">act</subfield>
            <subfield code="0">(NO-TrBIB)3087762</subfield>
        </datafield>
        <datafield tag="700" ind1="1" ind2=" ">
            <subfield code="a">Blanchett, Cate</subfield>
            <subfield code="d">1969-</subfield>
            <subfield code="4">act</subfield>
            <subfield code="0">(NO-TrBIB)1096357</subfield>
        </datafield>
        <datafield tag="700" ind1="1" ind2=" ">
            <subfield code="a">Bloom, Orlando</subfield>
            <subfield code="d">1977-</subfield>
            <subfield code="4">act</subfield>
            <subfield code="0">(NO-TrBIB)3087757</subfield>
        </datafield>
        <datafield tag="700" ind1="1" ind2=" ">
            <subfield code="a">Boyd, Billy</subfield>
            <subfield code="d">1968-</subfield>
            <subfield code="4">act</subfield>
            <subfield code="0">(NO-TrBIB)3087759</subfield>
        </datafield>
        <datafield tag="700" ind1="1" ind2=" ">
            <subfield code="a">Davies, John Rhys.</subfield>
            <subfield code="4">act</subfield>
            <subfield code="0">(NO-TrBIB)98055634</subfield>
        </datafield>
        <datafield tag="700" ind1="1" ind2=" ">
            <subfield code="a">Hill, Bernard.</subfield>
            <subfield code="4">act</subfield>
            <subfield code="0">(NO-TrBIB)3087760</subfield>
        </datafield>
        <datafield tag="700" ind1="1" ind2=" ">
            <subfield code="a">Jackson, Peter,</subfield>
            <subfield code="d">1961-</subfield>
            <subfield code="4">drt</subfield>
            <subfield code="0">(NO-TrBIB)2087019</subfield>
        </datafield>
        <datafield tag="700" ind1="1" ind2=" ">
            <subfield code="a">Lee, Christopher</subfield>
            <subfield code="d">1922-2015</subfield>
            <subfield code="4">act</subfield>
            <subfield code="0">(NO-TrBIB)90863316</subfield>
        </datafield>
        <datafield tag="700" ind1="1" ind2=" ">
            <subfield code="a">McKellen, Ian</subfield>
            <subfield code="d">1939-</subfield>
            <subfield code="4">act</subfield>
            <subfield code="0">(NO-TrBIB)90943418</subfield>
        </datafield>
        <datafield tag="700" ind1="1" ind2=" ">
            <subfield code="a">Mortensen, Viggo</subfield>
            <subfield code="d">1958-</subfield>
            <subfield code="4">act</subfield>
            <subfield code="0">(NO-TrBIB)90257820</subfield>
        </datafield>
        <datafield tag="700" ind1="1" ind2=" ">
            <subfield code="a">Shore, Howard</subfield>
            <subfield code="0">(NO-TrBIB)3109350</subfield>
        </datafield>
        <datafield tag="700" ind1="1" ind2=" ">
            <subfield code="a">Tolkien, J.R.R.</subfield>
            <subfield code="d">1892-1973</subfield>
            <subfield code="0">(NO-TrBIB)90056310</subfield>
        </datafield>
        <datafield tag="700" ind1="1" ind2=" ">
            <subfield code="a">Tyler, Liv</subfield>
            <subfield code="d">1977-</subfield>
            <subfield code="4">act</subfield>
            <subfield code="0">(NO-TrBIB)90945402</subfield>
        </datafield>
        <datafield tag="700" ind1="1" ind2=" ">
            <subfield code="a">Wood, Elijah</subfield>
            <subfield code="d">1981-</subfield>
            <subfield code="4">act</subfield>
            <subfield code="0">(NO-TrBIB)3018546</subfield>
        </datafield>
        <datafield tag="740" ind1="0" ind2=" ">
            <subfield code="a">2 tårn</subfield>
        </datafield>
        <datafield tag="740" ind1="0" ind2=" ">
            <subfield code="a">To tårn</subfield>
        </datafield>
        <datafield tag="740" ind1="4" ind2=" ">
            <subfield code="a">The two towers</subfield>
        </datafield>
        <datafield tag="901" ind1=" " ind2=" ">
            <subfield code="a">80</subfield>
        </datafield>
    </record>