
    <record>
        <leader>00872caa a2200253#c 4500</leader>
        <controlfield tag="001">999920263933702202</controlfield>
        <controlfield tag="005">20230605161925.0</controlfield>
        <controlfield tag="007">ta</controlfield>
        <controlfield tag="008">020621s2002    no a|||e|    |000|0|nno|#</controlfield>
        <datafield tag="035" ind1=" " ind2=" ">
            <subfield code="a">(EXLNZ-47BIBSYS_NETWORK)999921750509102201</subfield>
        </datafield>
        <datafield tag="035" ind1=" " ind2=" ">
            <subfield code="a">(NORART)0200311575</subfield>
        </datafield>
        <datafield tag="040" ind1=" " ind2=" ">
            <subfield code="a">NO-OsNB</subfield>
            <subfield code="b">nob</subfield>
            <subfield code="e">katreg</subfield>
        </datafield>
        <datafield tag="082" ind1="7" ind2="4">
            <subfield code="a">823</subfield>
            <subfield code="2">4/nor</subfield>
            <subfield code="q">NO-OsNB</subfield>
        </datafield>
        <datafield tag="100" ind1="1" ind2=" ">
            <subfield code="a">Sørbø, Marie Nedregotten</subfield>
        </datafield>
        <datafield tag="245" ind1="1" ind2="0">
            <subfield code="a">Ringenes herre - tema hos Tolkien og i filmen</subfield>
        </datafield>
        <datafield tag="300" ind1=" " ind2=" ">
            <subfield code="a">S. 33-40</subfield>
            <subfield code="b">ill.</subfield>
        </datafield>
        <datafield tag="600" ind1="1" ind2="4">
            <subfield code="a">Jackson, Peter</subfield>
        </datafield>
        <datafield tag="600" ind1="1" ind2="4">
            <subfield code="a">Tolkien, J.R.R.</subfield>
        </datafield>
        <datafield tag="650" ind1=" " ind2="7">
            <subfield code="a">engelsk prosa</subfield>
            <subfield code="2">norart</subfield>
            <subfield code="0">(NO-TrBIB)NORART1006164</subfield>
        </datafield>
        <datafield tag="650" ind1=" " ind2="7">
            <subfield code="a">filmer</subfield>
            <subfield code="2">norart</subfield>
            <subfield code="0">(NO-TrBIB)NORART1007067</subfield>
        </datafield>
        <datafield tag="655" ind1=" " ind2="7">
            <subfield code="a">Tidsskriftartikler</subfield>
            <subfield code="0">(uri)https://id.nb.no/vocabulary/ntsf/308</subfield>
            <subfield code="2">ntsf</subfield>
        </datafield>
        <datafield tag="773" ind1="0" ind2=" ">
            <subfield code="t">Syn og segn (trykt utg.)</subfield>
            <subfield code="g">Årg. 108, h. 2 (2002)</subfield>
            <subfield code="x">0039-7717</subfield>
            <subfield code="w">998420024134702201</subfield>
        </datafield>
        <datafield tag="913" ind1=" " ind2=" ">
            <subfield code="a">Norart</subfield>
            <subfield code="b">NB</subfield>
        </datafield>
        <datafield tag="999" ind1=" " ind2=" ">
            <subfield code="a">CP</subfield>
            <subfield code="9">local</subfield>
        </datafield>
    </record>