
    <record>
        <leader>01062caa a2200289#c 4500</leader>
        <controlfield tag="001">999920265995502202</controlfield>
        <controlfield tag="005">20230606053803.0</controlfield>
        <controlfield tag="007">ta</controlfield>
        <controlfield tag="008">040630s2004    no ||||e|    |000|0|nno|#</controlfield>
        <datafield tag="035" ind1=" " ind2=" ">
            <subfield code="a">(EXLNZ-47BIBSYS_NETWORK)999921752605102201</subfield>
        </datafield>
        <datafield tag="035" ind1=" " ind2=" ">
            <subfield code="a">(NORART)0400346476</subfield>
        </datafield>
        <datafield tag="040" ind1=" " ind2=" ">
            <subfield code="a">NO-OsNB</subfield>
            <subfield code="b">nob</subfield>
            <subfield code="e">katreg</subfield>
        </datafield>
        <datafield tag="082" ind1="7" ind2="4">
            <subfield code="a">791.4372</subfield>
            <subfield code="2">5/nor</subfield>
            <subfield code="q">NO-OsNB</subfield>
        </datafield>
        <datafield tag="100" ind1="1" ind2=" ">
            <subfield code="a">Skjerdal, Terje S.</subfield>
            <subfield code="4">ivr</subfield>
        </datafield>
        <datafield tag="245" ind1="1" ind2="0">
            <subfield code="a">Nok Jesus-prat! : </subfield>
            <subfield code="b">ein filmsamtale om Ringenes herre</subfield>
        </datafield>
        <datafield tag="300" ind1=" " ind2=" ">
            <subfield code="a">S. [71]-74</subfield>
        </datafield>
        <datafield tag="500" ind1=" " ind2=" ">
            <subfield code="a">Intervju med Maren Kloster, Gunnhild Nordgaard Hermstad</subfield>
        </datafield>
        <datafield tag="500" ind1=" " ind2=" ">
            <subfield code="a">Om filmen: Ringenes herre / Peter Jackson</subfield>
        </datafield>
        <datafield tag="600" ind1="1" ind2="4">
            <subfield code="a">Jackson, Peter</subfield>
        </datafield>
        <datafield tag="600" ind1="1" ind2="4">
            <subfield code="a">Tolkien, J.R.R.</subfield>
        </datafield>
        <datafield tag="655" ind1=" " ind2="7">
            <subfield code="a">Intervjuer</subfield>
            <subfield code="0">(uri)https://id.nb.no/vocabulary/ntsf/135</subfield>
            <subfield code="2">ntsf</subfield>
        </datafield>
        <datafield tag="655" ind1=" " ind2="7">
            <subfield code="a">Tidsskriftartikler</subfield>
            <subfield code="0">(uri)https://id.nb.no/vocabulary/ntsf/308</subfield>
            <subfield code="2">ntsf</subfield>
        </datafield>
        <datafield tag="700" ind1="1" ind2=" ">
            <subfield code="a">Hermstad, Gunnhild Nordgaard</subfield>
            <subfield code="4">ive</subfield>
        </datafield>
        <datafield tag="700" ind1="1" ind2=" ">
            <subfield code="a">Kloster, Maren</subfield>
            <subfield code="4">ive</subfield>
            <subfield code="0">(NO-TrBIB)1642068416561</subfield>
        </datafield>
        <datafield tag="773" ind1="0" ind2=" ">
            <subfield code="t">Ung teologi</subfield>
            <subfield code="g">Årg. 37, nr 1 (2004)</subfield>
            <subfield code="x">0333-340X</subfield>
            <subfield code="w">998440732294702201</subfield>
        </datafield>
        <datafield tag="913" ind1=" " ind2=" ">
            <subfield code="a">Norart</subfield>
            <subfield code="b">NB</subfield>
        </datafield>
        <datafield tag="999" ind1=" " ind2=" ">
            <subfield code="a">CP</subfield>
            <subfield code="9">local</subfield>
        </datafield>
    </record>