
    <record>
        <leader>00910caa a2200253#c 4500</leader>
        <controlfield tag="001">999920266543202202</controlfield>
        <controlfield tag="005">20230606060250.0</controlfield>
        <controlfield tag="007">ta</controlfield>
        <controlfield tag="008">041021s2004    no ||||e|    |000|0|nob|#</controlfield>
        <datafield tag="035" ind1=" " ind2=" ">
            <subfield code="a">(EXLNZ-47BIBSYS_NETWORK)999921752993002201</subfield>
        </datafield>
        <datafield tag="035" ind1=" " ind2=" ">
            <subfield code="a">(NORART)0400351686</subfield>
        </datafield>
        <datafield tag="040" ind1=" " ind2=" ">
            <subfield code="a">NO-OsNB</subfield>
            <subfield code="b">nob</subfield>
            <subfield code="e">katreg</subfield>
        </datafield>
        <datafield tag="082" ind1="7" ind2="4">
            <subfield code="a">823</subfield>
            <subfield code="2">5/nor</subfield>
            <subfield code="q">NO-OsNB</subfield>
        </datafield>
        <datafield tag="100" ind1="1" ind2=" ">
            <subfield code="a">Furuberg, Klara</subfield>
            <subfield code="0">(NO-TrBIB)1642068388595</subfield>
        </datafield>
        <datafield tag="245" ind1="1" ind2="0">
            <subfield code="a">Kjønn og kvinnesyn i Ringenes herre av J.R.R. Tolkien</subfield>
        </datafield>
        <datafield tag="300" ind1=" " ind2=" ">
            <subfield code="a">S. 37-39</subfield>
        </datafield>
        <datafield tag="600" ind1="1" ind2="4">
            <subfield code="a">Tolkien, J.R.R.</subfield>
        </datafield>
        <datafield tag="650" ind1=" " ind2="7">
            <subfield code="a">engelsk prosa</subfield>
            <subfield code="2">norart</subfield>
            <subfield code="0">(NO-TrBIB)NORART1006164</subfield>
        </datafield>
        <datafield tag="650" ind1=" " ind2="7">
            <subfield code="a">kjønn</subfield>
            <subfield code="2">norart</subfield>
            <subfield code="0">(NO-TrBIB)NORART1014001</subfield>
        </datafield>
        <datafield tag="650" ind1=" " ind2="7">
            <subfield code="a">kvinnesyn</subfield>
            <subfield code="2">norart</subfield>
            <subfield code="0">(NO-TrBIB)NORART1015962</subfield>
        </datafield>
        <datafield tag="655" ind1=" " ind2="7">
            <subfield code="a">Tidsskriftartikler</subfield>
            <subfield code="0">(uri)https://id.nb.no/vocabulary/ntsf/308</subfield>
            <subfield code="2">ntsf</subfield>
        </datafield>
        <datafield tag="773" ind1="0" ind2=" ">
            <subfield code="t">Språk og språkundervisning</subfield>
            <subfield code="g">Nr 2 (2004)</subfield>
            <subfield code="x">0038-8521</subfield>
            <subfield code="w">999011041244702201</subfield>
        </datafield>
        <datafield tag="913" ind1=" " ind2=" ">
            <subfield code="a">Norart</subfield>
            <subfield code="b">NB</subfield>
        </datafield>
        <datafield tag="999" ind1=" " ind2=" ">
            <subfield code="a">CP</subfield>
            <subfield code="9">local</subfield>
        </datafield>
    </record>