
    <record>
        <leader>01155caa a2200277#c 4500</leader>
        <controlfield tag="001">999920266759502202</controlfield>
        <controlfield tag="005">20230606064815.0</controlfield>
        <controlfield tag="007">ta</controlfield>
        <controlfield tag="008">050119s2004    no ||||e|    |000|0|nob|#</controlfield>
        <datafield tag="035" ind1=" " ind2=" ">
            <subfield code="a">(EXLNZ-47BIBSYS_NETWORK)999921753519202201</subfield>
        </datafield>
        <datafield tag="035" ind1=" " ind2=" ">
            <subfield code="a">(NORART)0500357735</subfield>
        </datafield>
        <datafield tag="040" ind1=" " ind2=" ">
            <subfield code="a">NO-OsNB</subfield>
            <subfield code="b">nob</subfield>
            <subfield code="e">katreg</subfield>
        </datafield>
        <datafield tag="082" ind1="7" ind2="4">
            <subfield code="a">823</subfield>
            <subfield code="2">5/nor</subfield>
            <subfield code="q">NO-OsNB</subfield>
        </datafield>
        <datafield tag="100" ind1="1" ind2=" ">
            <subfield code="a">Kristiansen, Ståle Johannes</subfield>
            <subfield code="d">1971-</subfield>
            <subfield code="0">(NO-TrBIB)7049856</subfield>
        </datafield>
        <datafield tag="245" ind1="1" ind2="0">
            <subfield code="a">Mytologi og paradislengsel : </subfield>
            <subfield code="b">Ringenes herre som religiøst verk</subfield>
        </datafield>
        <datafield tag="300" ind1=" " ind2=" ">
            <subfield code="a">S. [417]-433</subfield>
        </datafield>
        <datafield tag="600" ind1="1" ind2="4">
            <subfield code="a">Tolkien, J.R.R.</subfield>
        </datafield>
        <datafield tag="650" ind1=" " ind2="7">
            <subfield code="a">engelsk prosa</subfield>
            <subfield code="2">norart</subfield>
            <subfield code="0">(NO-TrBIB)NORART1006164</subfield>
        </datafield>
        <datafield tag="650" ind1=" " ind2="7">
            <subfield code="a">mytologi</subfield>
            <subfield code="2">norart</subfield>
            <subfield code="0">(NO-TrBIB)NORART1019558</subfield>
        </datafield>
        <datafield tag="650" ind1=" " ind2="7">
            <subfield code="a">religion</subfield>
            <subfield code="2">norart</subfield>
            <subfield code="0">(NO-TrBIB)NORART1023969</subfield>
        </datafield>
        <datafield tag="655" ind1=" " ind2="7">
            <subfield code="a">Tidsskriftartikler</subfield>
            <subfield code="0">(uri)https://id.nb.no/vocabulary/ntsf/308</subfield>
            <subfield code="2">ntsf</subfield>
        </datafield>
        <datafield tag="655" ind1=" " ind2="7">
            <subfield code="a">Vitenskapelige artikler</subfield>
            <subfield code="0">(uri)https://id.nb.no/vocabulary/ntsf/1248</subfield>
            <subfield code="2">ntsf</subfield>
        </datafield>
        <datafield tag="773" ind1="0" ind2=" ">
            <subfield code="t">Kirke og kultur (trykt utg.)</subfield>
            <subfield code="g">Årg. 109, h. 3 (2004)</subfield>
            <subfield code="x">0023-186X</subfield>
            <subfield code="w">997421000904702201</subfield>
        </datafield>
        <datafield tag="856" ind1="4" ind2=" ">
            <subfield code="u">http://www.idunn.no/ts/kok/2004/03/mytologi_og_paradislengsel_-_ringenes_herre_som_religiost_verk</subfield>
        </datafield>
        <datafield tag="913" ind1=" " ind2=" ">
            <subfield code="a">Norart</subfield>
            <subfield code="b">NB</subfield>
        </datafield>
        <datafield tag="999" ind1=" " ind2=" ">
            <subfield code="a">CP</subfield>
            <subfield code="9">local</subfield>
        </datafield>
    </record>