
    <record>
        <leader>01046caa a2200277#c 4500</leader>
        <controlfield tag="001">999920272965702202</controlfield>
        <controlfield tag="005">20230606134954.0</controlfield>
        <controlfield tag="007">ta</controlfield>
        <controlfield tag="008">080620s2007    no c|||e|    |000|0|nob|#</controlfield>
        <datafield tag="035" ind1=" " ind2=" ">
            <subfield code="a">(EXLNZ-47BIBSYS_NETWORK)999921759291102201</subfield>
        </datafield>
        <datafield tag="035" ind1=" " ind2=" ">
            <subfield code="a">(NORART)0800431292</subfield>
        </datafield>
        <datafield tag="040" ind1=" " ind2=" ">
            <subfield code="a">NO-OsNB</subfield>
            <subfield code="b">nob</subfield>
            <subfield code="e">katreg</subfield>
        </datafield>
        <datafield tag="082" ind1="7" ind2="4">
            <subfield code="a">333.33</subfield>
            <subfield code="2">5/nor</subfield>
            <subfield code="q">NO-OsNB</subfield>
        </datafield>
        <datafield tag="100" ind1="1" ind2=" ">
            <subfield code="a">Hoff, Esben</subfield>
            <subfield code="d">1964-</subfield>
            <subfield code="4">ivr</subfield>
            <subfield code="0">(NO-TrBIB)97017068</subfield>
        </datafield>
        <datafield tag="245" ind1="1" ind2="0">
            <subfield code="a">Ringenes herre</subfield>
        </datafield>
        <datafield tag="300" ind1=" " ind2=" ">
            <subfield code="a">S. 12-15</subfield>
            <subfield code="b">port.</subfield>
        </datafield>
        <datafield tag="500" ind1=" " ind2=" ">
            <subfield code="a">Intervju med Christian Ringnes</subfield>
        </datafield>
        <datafield tag="600" ind1="1" ind2="7">
            <subfield code="a">Ringnes, Christian</subfield>
            <subfield code="d">1954-</subfield>
            <subfield code="0">(NO-TrBIB)90624182</subfield>
            <subfield code="2">bare</subfield>
        </datafield>
        <datafield tag="650" ind1=" " ind2="7">
            <subfield code="a">eiendomsinvestorer</subfield>
            <subfield code="2">norart</subfield>
            <subfield code="0">(NO-TrBIB)NORART1005592</subfield>
        </datafield>
        <datafield tag="650" ind1=" " ind2="7">
            <subfield code="a">samlere</subfield>
            <subfield code="2">norart</subfield>
            <subfield code="0">(NO-TrBIB)NORART1025152</subfield>
        </datafield>
        <datafield tag="655" ind1=" " ind2="7">
            <subfield code="a">Intervjuer</subfield>
            <subfield code="0">(uri)https://id.nb.no/vocabulary/ntsf/135</subfield>
            <subfield code="2">ntsf</subfield>
        </datafield>
        <datafield tag="655" ind1=" " ind2="7">
            <subfield code="a">Tidsskriftartikler</subfield>
            <subfield code="0">(uri)https://id.nb.no/vocabulary/ntsf/308</subfield>
            <subfield code="2">ntsf</subfield>
        </datafield>
        <datafield tag="700" ind1="1" ind2=" ">
            <subfield code="a">Ringnes, Christian</subfield>
            <subfield code="d">1954-</subfield>
            <subfield code="4">ive</subfield>
            <subfield code="0">(NO-TrBIB)90624182</subfield>
        </datafield>
        <datafield tag="773" ind1="0" ind2=" ">
            <subfield code="t">Kultmag</subfield>
            <subfield code="g">Årg. 29, nr. 6 (2007)</subfield>
            <subfield code="x">1504-6591</subfield>
            <subfield code="w">990700741274702201</subfield>
        </datafield>
        <datafield tag="913" ind1=" " ind2=" ">
            <subfield code="a">Norart</subfield>
            <subfield code="b">NB</subfield>
        </datafield>
        <datafield tag="999" ind1=" " ind2=" ">
            <subfield code="a">CP</subfield>
            <subfield code="9">local</subfield>
        </datafield>
    </record>