
    <record>
        <leader>00915caa a2200241#c 4500</leader>
        <controlfield tag="001">999920281960402202</controlfield>
        <controlfield tag="005">20230607113935.0</controlfield>
        <controlfield tag="007">ta</controlfield>
        <controlfield tag="008">131014s2013    no a|||e|o   |000|0|nob|#</controlfield>
        <datafield tag="035" ind1=" " ind2=" ">
            <subfield code="a">(EXLNZ-47BIBSYS_NETWORK)999921768120302201</subfield>
        </datafield>
        <datafield tag="035" ind1=" " ind2=" ">
            <subfield code="a">(NORART)1300544989</subfield>
        </datafield>
        <datafield tag="040" ind1=" " ind2=" ">
            <subfield code="a">NO-OsNB</subfield>
            <subfield code="b">nob</subfield>
            <subfield code="e">katreg</subfield>
        </datafield>
        <datafield tag="100" ind1="1" ind2=" ">
            <subfield code="a">Møller, Thomas Erma</subfield>
            <subfield code="d">1987-</subfield>
            <subfield code="4">rev</subfield>
            <subfield code="0">(NO-TrBIB)12001362</subfield>
        </datafield>
        <datafield tag="245" ind1="1" ind2="0">
            <subfield code="a">Ringenes herre 200 år</subfield>
        </datafield>
        <datafield tag="300" ind1=" " ind2=" ">
            <subfield code="a">S. 94</subfield>
            <subfield code="b">ill.</subfield>
        </datafield>
        <datafield tag="500" ind1=" " ind2=" ">
            <subfield code="a">Filmanmeldelse av: Wagner: Der Ring des Nibelungen / Robert Lepage</subfield>
        </datafield>
        <datafield tag="600" ind1="1" ind2="4">
            <subfield code="a">Lepage, Robert</subfield>
        </datafield>
        <datafield tag="600" ind1="1" ind2="7">
            <subfield code="a">Wagner, Richard</subfield>
            <subfield code="d">1813-1883</subfield>
            <subfield code="0">(NO-TrBIB)90562701</subfield>
            <subfield code="2">bare</subfield>
        </datafield>
        <datafield tag="655" ind1=" " ind2="7">
            <subfield code="a">Filmanmeldelser</subfield>
            <subfield code="0">(uri)https://id.nb.no/vocabulary/ntsf/95</subfield>
            <subfield code="2">ntsf</subfield>
        </datafield>
        <datafield tag="655" ind1=" " ind2="7">
            <subfield code="a">Tidsskriftartikler</subfield>
            <subfield code="0">(uri)https://id.nb.no/vocabulary/ntsf/308</subfield>
            <subfield code="2">ntsf</subfield>
        </datafield>
        <datafield tag="773" ind1="0" ind2=" ">
            <subfield code="t">Klassisk musikkmagasin</subfield>
            <subfield code="g">Årg. 15, nr. 3 (2013)</subfield>
            <subfield code="x">1502-0274</subfield>
            <subfield code="w">990005919804702201</subfield>
        </datafield>
        <datafield tag="913" ind1=" " ind2=" ">
            <subfield code="a">Norart</subfield>
            <subfield code="b">NB</subfield>
        </datafield>
        <datafield tag="999" ind1=" " ind2=" ">
            <subfield code="a">CP</subfield>
            <subfield code="9">local</subfield>
        </datafield>
    </record>